@incollection{
OAEP,
year={1995},

isbn={978-3-540-60176-0},

booktitle={Advances in Cryptology - EUROCRYPT 94},

volume={950},

series={Lecture Notes in Computer Science},

editor={Santis, Alfredo},
doi={10.1007/BFb0053428},

title={Optimal asymmetric encryption},

url={http://dx.doi.org/10.1007/BFb0053428},

publisher={Springer Berlin Heidelberg},

author={Bellare, Mihir and Rogaway, Phillip},

pages={92-111}
}

@inproceedings{GIA,
 author = {Chawathe, Yatin and Ratnasamy, Sylvia and Breslau, Lee and Lanham, Nick and Shenker, Scott},
 title = {Making Gnutella-like P2P Systems Scalable},
 booktitle = {Proceedings of the 2003 Conference on Applications, Technologies, Architectures, and Protocols for Computer Communications},
 series = {SIGCOMM '03},
 year = {2003},
 isbn = {1-58113-735-4},
 location = {Karlsruhe, Germany},
 pages = {407--418},
 numpages = {12},
 url = {http://doi.acm.org/10.1145/863955.864000},
 doi = {10.1145/863955.864000},
 acmid = {864000},
 publisher = {ACM},
 address = {New York, NY, USA},
 keywords = {Gnutella, distributed hash tables, peer-to-peer},
}

@article{DH,
  title={New directions in cryptography},
  author={Diffie, Whitfield and Hellman, Martin E},
  journal={Information Theory, IEEE Transactions on},
  volume={22},
  number={6},
  pages={644--654},
  year={1976},
  publisher={IEEE}
}

@article{HashCash,
	title={Hashcash - A Denial of Service Counter-Measure},
	author={Adam Back},
	year={2002},
	publisher={http://www.hashcash.org/}
}


@article{PKCS,
	title={Public-Key Cryptography Standards (PKCS) \#1: RSA Cryptography
                      Specifications Version 2.1},
	author={Jonsson and Kaliski},
	year={2003},
	publisher={http://www.ietf.org/rfc/rfc3447.txt}
}

@article{P2PN,
	title={Peer to Peer Networks},
	author={Kris V. Ebbesen, Jan H. Knudsen and Roland L. Pedersen.},
	year={2014},
	publisher={http://cs.au.dk/~jhk/P2PN_Report.pdf}
}


@article{bitmessage,
	title={Bitmessage: A Peer-to-Peer Message Authentication and Delivery System},
	author={Jonathan Warren},
	year={2012},
	publisher={https://bitmessage.org/bitmessage.pdf}
}


@article{freenet,
  title={Protecting free expression online with Freenet},
  author={Clarke, Ian and Miller, Scott G and Hong, Theodore W and Sandberg, Oskar and Wiley, Brandon},
  journal={Internet Computing, IEEE},
  volume={6},
  number={1},
  pages={40--49},
  year={2002},
  publisher={IEEE}
}

@inproceedings{tarzan,
  title={Tarzan: A peer-to-peer anonymizing network layer},
  author={Freedman, Michael J and Morris, Robert},
  booktitle={Proceedings of the 9th ACM conference on Computer and communications security},
  pages={193--206},
  year={2002},
  organization={ACM}
}